@MISC{Chopin,
    author = {Nicolas Chopin},
    title = {A Sequential Particle Filter Method for Static Models},
    year = {2000}
}

@article{Neal,
 author = {Neal, Radford M.},
 title = {Annealed Importance Sampling},
 journal = {Statistics and Computing},
 issue_date = {April 2001},
 volume = {11},
 number = {2},
 month = apr,
 year = {2001},
 issn = {0960-3174},
 pages = {125--139},
 numpages = {15},
 url = {https://doi.org/10.1023/A:1008923215028},
 doi = {10.1023/A:1008923215028},
 acmid = {599401},
 publisher = {Kluwer Academic Publishers},
 address = {Hingham, MA, USA},
 keywords = {estimation of normalizing constants, free energy computation, sequential importance sampling, tempered transitions},
} 


